<?xml version="1.0" encoding="UTF-8"?><collection xmlns="http://www.loc.gov/MARC21/slim"><record><leader>00658nam--2200205-i-4500</leader><controlfield tag="001">000020535</controlfield><controlfield tag="002">20161230</controlfield><controlfield tag="005">20161230201033</controlfield><controlfield tag="008">060222s1000------------r-----000-0-eng-d</controlfield><datafield ind1=" " ind2=" " tag="020"><subfield code="a">3540557946</subfield></datafield><datafield ind1=" " ind2=" " tag="040"><subfield code="a">IFIN-HH</subfield></datafield><datafield ind1=" " ind2=" " tag="080"><subfield code="a">538.935(061.3)</subfield></datafield><datafield ind1="1" ind2=" " tag="100"><subfield code="a">Fukuyama, H</subfield></datafield><datafield ind1="1" ind2="0" tag="245"><subfield code="a">Transport phenomena in mesoscopic systems</subfield><subfield code="b">Proceedings of the 14th taniguchi symposium shima, japan, november 10-14, 1991</subfield><subfield code="c">H. fukuyama, t. ando (eds.)</subfield></datafield><datafield ind1=" " ind2=" " tag="260"><subfield code="a">Berlin</subfield><subfield code="b">Springer-verlag</subfield><subfield code="c">1992</subfield></datafield><datafield ind1=" " ind2=" " tag="300"><subfield code="a">XI+283 P</subfield></datafield><datafield ind1=" " ind2=" " tag="490"><subfield code="a">Springer Series In Solid-state Sciences</subfield><subfield code="v">Vol. 109</subfield></datafield><datafield ind1="1" ind2=" " tag="700"><subfield code="a">Ando, T</subfield><subfield code="e">Ed</subfield></datafield><datafield ind1=" " ind2=" " tag="852"><subfield code="a">46526</subfield><subfield code="c">539.2</subfield></datafield><datafield ind1=" " ind2=" " tag="CAT"><subfield code="a">Sys</subfield><subfield code="c">20121030</subfield><subfield code="h">111601</subfield></datafield></record></collection>